@Book{xie2015,
  title = {Dynamic Documents with {R} and knitr},
  author = {Yihui Xie},
  publisher = {Chapman and Hall/CRC},
  address = {Boca Raton, Florida},
  year = {2015},
  edition = {2nd},
  note = {ISBN 978-1498716963},
  url = {http://yihui.name/knitr/},
}

@article{Weinstein1997,
  title={Notes for a Discussion of Mass Tort Cases and Class Actions},
  author={Weinstein, Jack B},
  journal={Brook. L. Rev.},
  volume={63},
  pages={581},
  year={1997},
  publisher={HeinOnline}
}

@MastersThesis{Asperti2014,
  title={Meios consensuais de resolu{\c{c}}{\~a}o de disputas repetitivas: a concilia{\c{c}}{\~a}o, a media{\c{c}}{\~a}o e os grandes litigantes do judici{\'a}rio},
    author={Asperti, Maria Cec{\'\i}lia de Araujo},
    school={Universidade de S{\~a}o Paulo},
    year={2014}
    }

    @inproceedings{lenzerini2002data,
    title={Data integration: A theoretical perspective},
    author={Lenzerini, Maurizio},
    booktitle={Proceedings of the twenty-first ACM SIGMOD-SIGACT-SIGART symposium on Principles of database systems},
    pages={233--246},
    year={2002},
    organization={ACM}
    }

    @article{priest1984selection,
    title={The selection of disputes for litigation},
    author={Priest, George L and Klein, Benjamin},
    journal={The Journal of Legal Studies},
    volume={13},
    number={1},
    pages={1--55},
    year={1984},
    publisher={JSTOR}
    }

    @book{pearl2009causality,
    title={Causality},
    author={Pearl, Judea},
    year={2009},
    publisher={Cambridge university press}
    }

    @inproceedings{Stern2012,
    title={Intentional Sampling by goal optimization with decoupling by stochastic perturbation},
    author={Lauretto, Marcelo and Nakano, Fabio and Pereira, Carlos and Stern, Julio},
    booktitle={AIP Conf. Proc},
    volume={1490},
    pages={189--201},
    year={2012}
    }

    @book{rubin2004multiple,
    title={Multiple imputation for nonresponse in surveys},
    author={Rubin, Donald B},
    volume={81},
    year={2004},
    publisher={John Wiley \& Sons}
    }

    @book{degroot2005optimal,
    title={Optimal statistical decisions},
    author={DeGroot, Morris H},
    volume={82},
    year={2005},
    publisher={John Wiley \& Sons}
    }

    @article{Wickham2014,
    title={Tidy data},
    author={Wickham, Hadley},
    journal={Journal of Statistical Software},
    year={2014}
    }

    @article{cozman2000credal,
    title={Credal networks},
    author={Cozman, Fabio G},
    journal={Artificial intelligence},
    volume={120},
    number={2},
    pages={199--233},
    year={2000},
    publisher={Elsevier}
    }

    @article{abj2015,
    title={TEMPO DOS PROCESSOS RELACIONADOS {\`A} ADO{\c{C}}{\~A}O NO BRASIL},
    author={ABJ}
    }

    @article{bertrand2004much,
    title={How much should we trust differences-in-differences estimates?},
    author={Bertrand, Marianne and Duflo, Esther and Mullainathan, Sendhil},
    journal={The Quarterly journal of economics},
    volume={119},
    number={1},
    pages={249--275},
    year={2004},
    publisher={MIT Press}
    }

    @misc{wickham2016r,
    title={R for data science},
    author={Wickham, Hadley and Grolemund, Garrett},
    year={2016},
    publisher={Sebastopol, CA: O’Reilly. http:// r4ds. had. co. nz}
    }

    @incollection{Fossaluza2015,
    title={Combining Optimization and Randomization Approaches for the Design of Clinical Trials},
    author={Fossaluza, Victor and Lauretto, Marcelo and Pereira, Carlos and Stern, Julio},
    booktitle={Interdisciplinary Bayesian Statistics},
    pages={173--184},
    year={2015},
    publisher={Springer}
    }


    @article{Athos2015,
    title={O valor da causa e o valor concedido por danos morais nos JEC},
    author={Damiani, Athos and Ferez, Mariana and Stern, Rafael and Trecenti, Julio},
    year={2015},
    publisher={Revista de Direito Bancário e do Mercado de Capitais},
    volume={66},
    pages={225-231},
    journal={Revista do IASP}
    }

    @MastersThesis{Marquezini2013,
    title={T{\'e}cnicas de julgamento de causas repetitivas no direito brasileiro},
    author={Marquezini, Paulo Roberto da Silva},
    school={Universidade de S{\~a}o Paulo},
    year={2013}
    }

    @phdthesis{Mollica2010,
    title={Os processos repetitivos e a celeridade processual},
    author={Mollica, Rogerio},
    year={2010},
    school={Universidade de S{\~a}o Paulo}
    }

    @article{Silva2012,
    title={Litigiosidade, morosidade e litig{\^a}ncia repetitiva no Judici{\'a}rio: uma an{\'a}lise emp{\'\i}rica},
    author={da Silva, Paulo Eduardo Alves and Gabbay, Daniela Monteiro and Cunha, Luciana Gross},
    year={2012},
    publisher={Saraiva},
    journal={s}
    }

    @MastersThesis{Souza2014,
    title={Recurso especial repetitivo: an{\'a}lise cr{\'\i}tica do julgamento por amostragem},
    author={Souza, Michel Roberto Oliveira de},
    school={Universidade de S{\~a}o Paulo},
    year={2014}
    }

    @book{klein2005survival,
    title={Survival analysis: techniques for censored and truncated data},
    author={Klein, John P and Moeschberger, Melvin L},
    year={2005},
    publisher={Springer Science \& Business Media}
    }

    @techreport{CNJ2012,
    title={100 maiores litigantes},
    author={{Conselho Nacional de Justi\c{c}a}},
    year={2012},
    institution={Conselho Nacional de Justi\c{c}a}
    }

    @techreport{CNJ2015,
    title={Justi\c{c}a em Números},
    author={{Justi\c{c}a em Números}},
    year={2015, ano-base 2014},
    institution={Conselho Nacional de Justi\c{c}a}
    }

    @techreport{AMB2015,
    title={O uso da justi\c{c}
    lit{\'\i}gio no brasil},
    author={{Associa\c{c}{\~a}o Brasileira dos Magistrados}},
    year={2015},
    institution={AMB}
    }

    @book{DINAMARCO,
    title = {Teoria Geral do Novo Código do Processo Civil},
    author = {Cândido Rangel Dinamarco},
    year = {2016}
    }

    @book{gelman2014bayesian,
    title={Bayesian data analysis},
    author={Gelman, Andrew and Carlin, John B and Stern, Hal S and Dunson, David B and Vehtari, Aki and Rubin, Donald B},
    volume={2},
    year={2014},
    publisher={CRC press Boca Raton, FL}
    }

    @article{hanson2005mixed,
    title={Mixed methods research designs in counseling psychology.},
    author={Hanson, William E and Creswell, John W and Clark, Vicki L Plano and Petska, Kelly S and Creswell, J David},
    journal={Journal of counseling psychology},
    volume={52},
    number={2},
    pages={224},
    year={2005},
    publisher={American Psychological Association}
    }

    @book{creswell2013research,
    title={Research design: Qualitative, quantitative, and mixed methods approaches},
    author={Creswell, John W},
    year={2013},
    publisher={Sage publications}
    }

    @book{friedman2001elements,
    title={The elements of statistical learning},
    author={Friedman, Jerome and Hastie, Trevor and Tibshirani, Robert},
    volume={1},
    year={2001},
    publisher={Springer series in statistics New York}
    }
